% Encoding: UTF-8

@Article{王积超2019,
  author        = {王积超 and 闫威},
  title         = {相对收入水平与城市居民获得感研究},
  journal       = {中央财经大学学报},
  year          = {2019},
  number        = {10},
  pages         = {119--128},
  __markedentry = {[Administrator:6]},
  abstract      = {自2015年习近平总书记首次提出改革要"让人民群众有更多获得感"以来,获得感研究日益受到学术界的重视,其中对收入与获得感之间关系的考察是这些研究中备受关注的领域。笔者利用CGSS 2015的数据,应用社会比较理论和期望值理论为研究视角,在控制了绝对收入的前提下,研究城市居民的相对收入水平与获得感的关系。研究发现,社会比较因素和自我期望因素能显著影响城市居民的获得感。当个体收入水平低于同龄群体或自己的过去时,他们的获得感就会下降。当个体在综合考虑自身能力后认为自己的收入水平没有达到自己的预期时,他们的获得感也将随之降低。},
  keywords      = {获得感;;相对收入水平;;绝对收入;;社会比较;;自我期望},
}

@Article{邵雅利2019,
  author        = {邵雅利},
  title         = {新时代人民主观获得感的指标构建与影响因素分析},
  journal       = {新疆社会科学},
  year          = {2019},
  number        = {04},
  pages         = {139--147},
  __markedentry = {[Administrator:6]},
  abstract      = {人民主观获得感是指广大人民群众对我国改革开放发展成果的认知评价、情感认同和需求满足等方面的正向感受。构建一套科学的获得感评价体系,对于提升人民主观获得感的路径探索具有重要意义。文章运用嵌套回归分析,检验影响主观获得感提升的个人特征、微观心理和宏观社会发展的三个理论假设模型。结果发现:广大人民群众对我国改革开放成果的感知仍有待提升;在获得感五个因子中,人民群众对城市文化和社会民生两个维度指标的获得感较高,而对人居环境维度上的获得感偏低;在影响因素中,宏观社会发展变量对主观获得感的影响最大,其次为微观心理变量的影响,最后是个人特征变量。因此,各级政府应以人民为中心,树立服务意识,大力推进民生建设,让人民群众在已有的客观获得基础上体验更多的主观获得感。},
  keywords      = {人民主观获得感;;心理比较倾向;;结构方程},
}

@Article{上海财经大学课题组2019,
  author        = {上海财经大学课题组 and 徐国祥 and 张正 and 苏杰},
  title         = {上海高品质生活评价指标体系研究},
  journal       = {统计科学与实践},
  year          = {2019},
  number        = {06},
  pages         = {9--13},
  __markedentry = {[Administrator:6]},
  abstract      = {"高品质生活"的概念由习近平总书记在2018年全国两会期间参加重庆代表团审议时首次正式提出,将之与"高质量发展"并提,是人民群众经济、政治、文化、社会和生态各方面的美好需要得到更好保障和满足的生活。本研究将"高品质生活"定义为一种在当下能感受到充实、有保障、可持续的获得感、幸福感、安全感的生活状态。在构建上海高品质生活评价指标体系时,遵循体现高品质生活的特点、主客观相结合、结合当前重点和着眼长远需要这四个原则。},
  keywords      = {高品质生活;习近平总书记;上海市;安全感;高质量发展;幸福感;指标体系研究;},
}

@Article{刘星2019,
  author        = {刘星},
  title         = {获得感的内涵与评价指标体系构建},
  journal       = {老区建设},
  year          = {2019},
  number        = {04},
  pages         = {56--60},
  __markedentry = {[Administrator:6]},
  abstract      = {获得感是全体人民群众对在我国全面深化改革进程中,在经济上、政治上、文化上、社会生活上、生态环境上现在和将来预期获得的物质利益和精神利益的主观感受和满足程度。以往研究中的获得感评价指标体系存在标准混乱、衡量过于片面等问题。基于宏观与微观、主观与客观、纵向与横向、全面性与可操作性多层次维度,构建了一套包括经济获得感、政治获得感、文化获得感、社会获得感和生态文明获得感在内的获得感评价指标体系。},
  keywords      = {获得感;;评价指标体系;;治理},
}

@PhdThesis{孟纳纳2018,
  author        = {孟纳纳},
  title         = {安徽省城市居民客观生活质量评价研究},
  school        = {安徽大学},
  year          = {2018},
  __markedentry = {[Administrator:6]},
  abstract      = {在中国共产党的领导下,在习近平新时代中国特色社会主义思想的指引下,我国从全面建设小康社会成功迈进了全面建成小康社会的决胜时期,“以人为本”的可持续发展观也将一直是我们发展的第一导向,整个社会的发展也正逐渐向“以人的全面发展为中心,提高人们的生活质量”进行转变。无论是生活质量的主观方面,还是生活质量的客观方面,都直接关系着每一位居民的切身利益,同时也是人类社会永不磨灭的话题。可见,满足人们日益增长的多样化的物质文化与精神文化的生活需要、提高其客观生活质量是我国当前的重要任务之一。在此大背景下,对安徽省城市居民的客观生活质量进行评价分析,让居民知道现在发展的状况以及与江苏省等其它发达城市之间的差距。显然,这会对今后安徽省的发展有着极其重要的战略参考意义。在借鉴众多前人相关研究成果的基础上,笔者运用SPSS22.0统计分析软件,根据安徽省2012年到2016年的统计年鉴数据,选取了安徽省的16个地级市作为样本城市,从经济、社会、环境这三个角度出发,选取了居民收入类、消费类、基础设施类、居住类、教育文化类、医疗卫生类的11个具体数据指标来构建安徽省城市居民客观生活质量的评价指标体系,运用因子分析方法,对安徽省16个地级市的城市居民客观生活质量评价进行了较为深入的分析研究,进而得到了一些结论:城市居民客观生活质量较高的城市,如合肥市、马鞍山市、蚌埠市、芜湖市、淮北市主要分散在皖中地区、皖东地区和皖北地区;城市居民客观生活质量中等水平的城市:六安市、淮南市、宿州市、铜陵市与宣城市主要分散在皖西地区与皖北地区;城市居民客观生活质量不高的城市:亳州市、阜阳市、滁州市、安庆市、黄山市、池州市主要分散在皖南地区、皖西地区和皖北地区。并且发现,除合肥市之外,人口越多的地级城市的居民客观生活质量要低于人口少的地区。具体来说,文章框架主要由以下五个部分构成:第一部分:绪论。绪论主要包括了四个方面的内容,首先介绍了本文章的研究背景,并在此基础上指出了研究的理论意义与实践意义,进而展现了研究所涵盖的主要内容,同时也介绍了研究采用的方法与技术路线,最后从国内和国外两个方面介绍了有关居民生活质量的研究的研究综述。第二部分:概念界定及相关理论基础。首先对“生活质量”、“客观生活质量”进行了概念界定,并在此基础上指出了影响居民客观生活质量的社会、经济、环境这三个主要因素。接着,又阐述了三个相关理论,分别是需求层次理论、城市生态学以及可持续发展论。第三部分:对安徽省城市居民客观生活质量进行了纵向研究,分析了 2012年至2016年指标数据的变化。依次从经济方面、社会方面以及环境方面,对安徽省、全国、江苏省的数据指标变化进行了比较分析,并对得到的分析结果进行了解释说明。第四部分:对安徽省2016年城市居民客观生活质量进行了横向研究。构建了安徽省城市居民客观生活质量评价指标体系,并指出了因子分析法对居民客观生活质量评价的适用性。进而基于因子分析法,对安徽省16个地级市2016年的城市居民客观生活质量比较分析,并对因子分析的结果进行了分析与思考。第五部分:对影响安徽省城市居民客观生活质量的因素进行了分析。从经济因素、社会因素、环境因素三个方面分别分析了其对安徽省城市居民客观生活质量的影响。第六部分:是对全文的总结。在提出研究结论的基础上,对进一步提高安徽省城市居民客观生活质量给出了几点有针对性的对策建议。},
  keywords      = {安徽省;;生活质量;;客观生活质量;;因子分析},
}

@PhdThesis{郝云龙2017,
  author        = {郝云龙},
  title         = {开封市城市居民生活质量评价研究},
  school        = {河南大学},
  year          = {2017},
  __markedentry = {[Administrator:6]},
  abstract      = {提高居民的生活质量是经济社会发展的一个永恒主题,已经成为世界各国社会政策和发展理论的中心内容。随着社会经济的发展,人民生活得到了极大提高,越来越多的人开始关注自身的生活质量,我国各项战略与政策对人民的生活质量也越来越重视,国内相关学者对生活质量的研究也越来越多。我国先后提出了以提高居民生活水平和质量为宗旨的一系列政策措施,国民经济与社会发展水平不断提高的同时居民生活质量不断改善。然而,随着城镇化的快速推进,出现了一系列交通拥挤、住房紧张、环境污染等城市问题,已经影响到城市居民的生活质量。鉴于此,如何科学合理的评价城市居民的生活质量、分析城市居民生活中存在的问题、提出改善城市居民生活质量的对策建议,已经成为了重要的研究课题。开封市是河南省中东部地区的一个重要城市,与省会城市郑州相邻,是经济欠发达城市的代表之一。在河南省“三区一群”战略的引领下,在郑汴一体化、郑州大都市区等战略的推进下,开封市进入快速发展时期,但城市居民的生活质量与郑州市以及其他区域性中心城市相比还有一定差距。因此,本文选取开封市市区为研究区域,对开封市城市居民生活质量进行评价研究,分析开封市城市居民生活质量提升面临的问题并提出相应建议,力求为开封市城市居民生活质量的提升提供理论和实践支撑,同时为其他欠发达地区城市居民生活质量的提高提供借鉴和参考。本文在相关文献资料搜集的基础上,认真梳理国内外的研究现状,分析开封市城市居民生活质量的现状与城市居民生活中存在的问题,然后运用复合指标法构建指标体系对开封市城市居民生活质量进行评价研究。本文的主要研究内容如下:首先,用熵权TOPSIS法分析开封市城市居民客观生活质量在2000~2014年十五年间的时间序列变化以及不同时间节点上在中原经济区空间上的特征,运用主成分分析法分析开封市城市居民客观生活质量的影响因素。其次,通过调查问卷获取相关数据,运用方差分析法和多元线性回归分析法处理问卷调查数据来研究开封市城市居民生活质量满意度,最后根据开封市城市居民生活质量评价结果,找出开封市城市居民生活质量的影响因素和存在的问题,并提出针对性的建议。通过实证研究,得出以下主要结论:客观生活质量方面:(1)2000~2014年以来开封市城市居民客观生活质量水平总体上呈现不断提高的趋势。整体生活质量的提升过程可以划分为三个阶段,2000~2003年的低水平稳定提升阶段;2004~2005年的短暂下降阶段;2006~2014年的快速提升阶段。(2)开封市城市居民客观生活质量在中原经济区的排名逐渐提高。整个研究期开封市城市居民的生活质量在中原经济区的层级经历了由一般生活质量区到高生活质量区的发展历程,尤其是在2014年开封市城市居民客观生活质量在中原经济区的排名上升到了第5位,处于中原经济区的上等。(3)开封市居民的收入与消费、城市公共服务水平、城市文化设施水平和城市环境方面在中原经济区各地级市中处于中下水平,制约了开封市城市居民客观生活质量的提高。生活质量满意度方面:(1)开封市城市居民生活质量的总体满意度水平处于一般层次。开封市城市居民生活质量满意度在空间上呈现出沿大梁路自东向西逐渐增高的趋势,其中金明区的满意度水平最高,禹王台区的满意度水平最低。(2)性别、年龄、学历和职业的差异对生活质量满意度有一定的影响。性别、年龄与生活质量满意度之间不存在显著的相关性。学历与生活质量满意度之间具有显著的正相关性,生活质量满意度随着学历的升高而提高。职业与生活质量满意度之间也具有显著的相关性,且相关性大于学历与生活质量满意度之间的相关性。(3)各个分满意度变量中,消费状况和医疗状况对城市居民生活质量满意度的影响最大,对城市居民生活质量满意度影响最小的因素是公共政策。开封市居民对医疗状况和公共政策的不满意度最高,满意度均值在3以下。基于本文的分析结果,针对开封市城市居民生活质量提升中面临的问题,从客观和主观角度提出以下几点建议:首先,从提供就业岗位,提高低收入人群收入;提升城市公共服务水平,增强基础文化设施建设;增加城市绿化面积,积极治理城市居民生活垃圾等方面提升开封市城市居民客观生活质量。其次,从规范医疗市场、合理制定药品价格;规范交通秩序,加强车辆停放管理;适当增加休闲娱乐场所、完善基础娱乐设施;改善城市生态环境等方面提升开封市城市居民生活质量满意度。城市居民生活质量受到多种因素的影响,研究的过程中需要综合考虑各方面内容。就本文研究来看,存在两点有待完善之处:一是因选取的研究单元的限制,无法对研究区域做空间自相关分析。二是因时间和人力限制,对城市居民生活满意度的研究只搜集了开封市一年数据,无法对生活质量满意度做时间序列和空间特征分析。},
  keywords      = {生活质量;;评价研究;;城市居民;;满意度;;熵权TOPSIS法;;开封市},
}

@Article{曹现强2017,
  author        = {曹现强 and 李烁},
  title         = {获得感的时代内涵与国外经验借鉴},
  journal       = {人民论坛·学术前沿},
  year          = {2017},
  number        = {02},
  pages         = {18--28},
  __markedentry = {[Administrator:6]},
  abstract      = {"获得感"是一个有"中国特色"的"新词"。准确把握"获得感"的内涵,不能简单的将其解释为"幸福感""主观生活质量"等外来概念的"同义词",必须将其放在我国全面深化改革、转变经济社会发展模式、实现共享发展的时代背景下来理解。"获得感"以发展为前提,以民生为重中之重,以人民政治权利的实现为保障。"获得感"的提出明确了发展和改革的目标、落脚点和突破口,解决了发展质量、改革成败的评价标准问题。"获得感"是发展、改革的动力源。推动包容性发展、改善民生、实现公民政治权利是提高公民"获得感"三个不同层面但又紧密相关的途径:发展是前提,改善民生是主要内容,而实现公民政治权利是"获得感"落实的保障。},
  keywords      = {获得感;;全面深化改革;;共享;;包容性发展},
}

@PhdThesis{游芳2016,
  author        = {游芳},
  title         = {基于综合指数评价模型的城市居民生活质量研究},
  school        = {东北财经大学},
  year          = {2016},
  __markedentry = {[Administrator:6]},
  abstract      = {现如今,随着中国经济实力的越来越雄厚,各城市地域不断向外扩张,人们的生活水准逐渐偏高,大多数人也开始关心城市生活品质的高低,城市生活质量已成为人们生活和工作场所选择的一个重要标志,因而使城市居民生活质量进一步提升也成为全面构建小康社会的起始点和目的点。现代人越来越关注生活质量的好坏,从以前寻求能够解决生活的温饱问题到现在追求生活质量的提高,人们的生活追求逐渐提升,城市定位更加多样化,不仅要适宜居住生活,也要适宜工作就业、休闲旅游、学习教育等。选取全国各地区经济发展的中心城市15个,全面了解它们的经济运行、社会发展、生态环境等方面的情况,从客观和主观两角度出发对这些城市的居民生活质量采取探索研究,可以对城市有一个清晰的定位。通过比较各城市相关指标的评分指数,对比分析各城市在提高居民生活质量上的短板,为相关方面的政策性建议提供科学依据。对这些城市进行居民生活质量的科学评价和差异比较,能够帮助人们掌握各城市的发展情况,为人们选择城市居住和生活提供更多有用以及可靠的信息。通过阅读国内外的相关生活质量文献后,本文选择从主、客观两个角度出发对全国15个中心城市的居民生活质量进行探索性评价研究。以生活质量理论为基础,构成了城市居民生活质量指标评价体系,并对统计年鉴和相关图书进行了查询阅读,对所有数据采取汇总并借助MATLAB和Excel软件对其处理后,采用层次分析法和因子标准化法分别对初步处理后的主观与客观数据进一步处理分析,然后对城市主客观居民生活质量建立综合指数评价模型,对各城市的生活质量进行比较,分析各城市生活质量的优劣与差异,最后得到结论并针对其劣势方面提出一些建议对策以提高城市居民生活质量。经研究后可得出的结论是:目前中国城市的经济发展仍然是东强西弱,经济实力相差悬殊,而城市生活质量由于综合性较强、参照考虑的因素多因而没有太大的地域规律性,但是经济发展好的城市拥有比其他城市在满足城市居民生活便利快捷性、舒适性等方面更大的优势,所以各城市要加快城市经济建设,为更好地建造出具备较高生活质量的城市提供良好的物质经济基础。基于城市居民的基本生理、心理需求等方面的考虑,城市建设需要更加人性化并富有魅力,城市生活质量要依靠城市的基础设施建设的不断完善而提高。城市居民生活质量受城市客观条件限制,随着城市经济的快速发展,城市的生活环境、城市步调以及城市投资环境等都影响其生活质量品质,在城市居民收入提高到一定标准以后,他们就更关注于周边的生活环境以及他们能在精神方面获得的享受。},
  keywords      = {生活质量;;评价指标体系;;层次分析;;综合评价模型},
}

@Article{方坤2016,
  author        = {方坤 and 周丹 and 卫平民},
  title         = {国内外生活质量评价研究综述},
  journal       = {江苏卫生事业管理},
  year          = {2016},
  volume        = {27},
  number        = {02},
  pages         = {133--135},
  __markedentry = {[Administrator:6]},
  abstract      = {生活质量(Quality of Life,QOL),亦称生活素质、生命质量、生存质量等,是一个多层面的概念,是对人们生活好坏程度的衡量,综合反映了社会成员对其生存和发展所需要的各方面情况特征的满意程度,也反映了一个国家或地区的经济发展水平和文明程度。国外对生活质量的研究早于国内,国内外对生活质量的研究有所差别,该文对国内外生活质量的研究进展进行综述。},
  keywords      = {生活质量;;主观指标;;客观指标;;评估},
}

@Article{潘新宇2015,
  author        = {潘新宇 and 李洪会},
  title         = {因子分析法在城市居民生活质量评价中的应用研究},
  journal       = {唐山学院学报},
  year          = {2015},
  volume        = {28},
  number        = {06},
  pages         = {80--83},
  __markedentry = {[Administrator:6]},
  abstract      = {介绍了因子分析法在城市居民生活质量评价中的应用。从经济、社会、环境等方面着手,构建了城市居民生活质量评价指标体系,并以江苏省的相关数据为基础,应用因子分析法,提取出能够较全面衡量城市居民生活质量水平的公因子,由此得出城市居民生活质量模型,并提出了相应的对策建议。},
  keywords      = {因子分析法;;城市居民生活质量;;指标体系},
}

@PhdThesis{邬华强2015,
  author        = {邬华强},
  title         = {江西省城市发展质量指标体系构建及评价},
  school        = {华中师范大学},
  year          = {2015},
  __markedentry = {[Administrator:6]},
  abstract      = {城市,是人类群居生活的产物,是人类文明的重要组成部分,它吸引着其所能辐射的区域范围内的各种资源,从而一步步地壮大成为繁荣的经济活动中心。城市化是人类文明进步的趋势,已经成为了一种覆盖全球的社会现象,发达国家的城市化进程已经趋于稳定,而中国的城市化仍然处于加速发展的状态。由于中国的人口众多和经济的高速发展,中国城市的发展备受国际瞩目。在城市的发展过程中,不可避免的会出现一系列的问题,例如人口问题、环境问题、经济问题和社会问题等,而这些问题之间相互交叉与叠加使得城市问题愈发严峻。江西省是长江经济带和京九经济带的腹地,与中国富有经济活力的长江三角洲、珠江三角洲和闽南经济区相毗邻。在“中部崛起”战略政策支持下,江西省城市化水平仍达不到全国城市化的平均水平,城市化进程也较中部其他省份城市化进程速度慢,城市发展过程中遇到的问题种类繁多。本文在了解城市发展质量相关理论知识基础上,从城市发展质量内涵入手,尽量科学地选取评价指标,采用因子分析法对2002年至2012年江西省城市发展质量建立指标体系,采用聚类分析的方法对2002年、2008年、2012年三个时间节点的城市发展质量进行分等,寻找城市发展质量变化轨迹。分析获得结果如下：(1)江西省城市发展质量总体水平较低。通过2002年至2012年城市发展质量综合评价可知近十年内城市发展质量得分普遍较低,南昌市作为省会城市一直处于省内领先的位置,但其得分最高也仅为4.59分;处于中等水平的赣州市和九江市得分波动在2至4分之内;剩余9座城市得分均低于2分,尤其是宜春市得分一直处于-1分以下,最低时得分为-4.79分。城市发展质量得分与城镇化率水平相差较大,说明城镇化率水平的快速发展并不能代表城市发展质量的快速发展,城市发展进程中存在着明显的“重质轻量”现象,城镇化与城市发展质量并未达到相应的协调性。(2)江西省区域内的城市发展质量分布不均匀,地区差异性较大。以南昌市为中心的的赣北地区和以赣州市为中心的赣南地区两个核心区域与赣中地区的吉安市、抚州市等城市分化较大,得分差距最大值高达9.29,呈现出“南北高,中间低”的空间梯级变化格局。(3)经济发展差异是导致江西省城市发展质量存在差距的最主要因素,城市经济的加速发展是促进城市发展质量提升的关键性因素。提高江西省城市发展质量应以经济发展为核心,多方位配合的协调发展。主要包括以下几个方面：加大第三产业扶持力度,促进产业结构升级；保护城市生态环境,实现城市与环境协调发展；完善城市基础设施,提高公共服务水平；加快城乡—体化发展,缩小城乡差距。},
  keywords      = {江西省;;城市发展质量;;综合指标法;;指标体系},
}

@PhdThesis{陈燕明2011,
  author        = {陈燕明},
  title         = {城市居民生活质量评价及影响因素研究},
  school        = {暨南大学},
  year          = {2011},
  __markedentry = {[Administrator:6]},
  abstract      = {改善和提高居民的生活质量一直是国家、社会和个人期望的目标。随着经济水平的提高,提高和改善居民的生活质量已越来越得到重视。


生活质量是一个多维度的复杂概念。构建一个以客观指标为主的衡量居民生活质量的研究体系,找出目前能够集中反映或制约我国居民生活质量提高的因素,提出改进城市居民生活质量的计划,对促进城市和区域经济健康可持续发展具有重要的意义。


本文以国内外生活质量研究理论和研究成果为基础,探索性地建立了一套以社会环境、经济环境和生态环境为基础的城市居民生活质量评价指标模型,并对全国287个城市2009年的相关数据进行了结构方程模型分析。结构方程模型不仅清晰反映了各因素间的直接和间接效果,而且能清楚反映指标与因素间的数学关系。模型表明,在当前经济水平下,经济水平是制约我国城市居民生活质量提高的关键因素,社会环境因素对居民生活质量的影响要大于生态环境因素的影响。


最后,文章针对结构方程模型中反映出的各因素指标间的数量关系,对2009年287个城市进行了生活质量指标分项排名,提出了改善城市居民生活质量的建议,指明了未来的研究方向和前景。},
  keywords      = {生活质量;;评价;;影响因素},
}

@Article{周长城2011,
  author        = {周长城 and 刘红霞},
  title         = {生活质量指标建构及其前沿述评},
  journal       = {山东社会科学},
  year          = {2011},
  number        = {01},
  pages         = {26--29},
  __markedentry = {[Administrator:6]},
  abstract      = {生活质量研究是社会科学中颇具影响力的研究领域之一,该领域中测量指标的建构是关键环节。本文结合国内外有关生活质量的最新研究成果,论述了生活质量研究的指标选择及其发展趋势。},
  keywords      = {生活质量;;指标建构},
}

@Article{风笑天2007,
  author        = {风笑天},
  title         = {生活质量研究:近三十年回顾及相关问题探讨},
  journal       = {社会科学研究},
  year          = {2007},
  number        = {06},
  pages         = {1--8},
  __markedentry = {[Administrator:6]},
  abstract      = {文献回顾表明,国内生活质量研究经历了三个大的阶段,目前的研究重心越来越偏向于幸福感和生活满意度等主观生活质量领域。论文对生活质量等概念的含义及其相互关系进行了梳理,对生活质量研究中的两种不同视角、社会不同发展阶段中生活质量研究的不同重点、生活质量测量指标的全面性与指标的可比性之间的矛盾、不同研究之间的借鉴和积累,以及对加强生活质量主、客观指标间关系和联系机制的综合研究等问题进行了探讨。},
  keywords      = {生活质量;;生活满意度;;幸福感},
}

@Article{刘延年2006,
  author        = {刘延年 and 陈正},
  title         = {生活质量评价方法研究},
  journal       = {统计教育},
  year          = {2006},
  number        = {09},
  pages         = {4--8},
  __markedentry = {[Administrator:6]},
  abstract      = {本文从统计学角度出发,对生活质量单指标描述与评价、综合指数评价和生活质量指标体系综合评价三类方法进行了评价分析,提出了中国区域生活质量综合指数并对其应用进行探讨。},
  keywords      = {生活质量;;评价方法},
}

@Article{彭念一2003,
  author        = {彭念一 and 李丽},
  title         = {我国居民生活质量评价指标与综合评价研究},
  journal       = {湖南大学学报(社会科学版)},
  year          = {2003},
  number        = {05},
  pages         = {21--25},
  __markedentry = {[Administrator:6]},
  abstract      = {生活质量不仅包含了福利的经济内函 ,还包含了像健康、教育、贫困、社会环境和自然环境质量等影响人们生活条件的诸多非经济要素。文章从收入状况、居民消费、社会安全、教育状况、健康状况、资源与环境、城市环境和社会服务八个方面提出了我国居民生活质量评价指标体系。现行生活质量综合评价方法不仅会受到主观因素的影响 ,而且无法剔除指标间的重叠信息 ,采用主成份分析法对居民生活质量进行综合评价恰好能够解决这些问题 ,从而可以提高其结果的真实性。},
  keywords      = {生活质量;;指标体系;;综合评价;;主成份分析法},
}

@Article{詹天庠1997,
  author        = {詹天庠 and 陈义平},
  title         = {关于生活质量评估的指标与方法},
  journal       = {中山大学学报论丛},
  year          = {1997},
  number        = {06},
  pages         = {28--36},
  __markedentry = {[Administrator:6]},
  abstract      = {关于生活质量评估的指标与方法詹天庠陈义平“增长不等于发展，富裕不等于幸福”。世界上许多国家在其工业化进程中，由于忽视社会发展，尽管经济增长迅速，但社会问题日益增多，经济与社会发展的不协调日渐明显。生活质量，作为社会政策和社会发展的结果，被国际学术界公...},
  keywords      = {资源;物质条件;生活质量指标体系;质量评估;},
}

@Article{卢淑华1992,
  author        = {卢淑华 and 韦鲁英},
  title         = {生活质量主客观指标作用机制研究},
  journal       = {中国社会科学},
  year          = {1992},
  number        = {01},
  pages         = {121--136},
  __markedentry = {[Administrator:6]},
  abstract      = {本文根据北京,西安、扬州三市的抽样调查资料,从方法论的角废,对生活质量研究中主、客观指标的作用及其相互关系进行了探讨。文章在研究生活质量模型时,除引入客观指标外,还增加了参照标准对主观生活质量指标的影响这一项,并通过中介评价指标将客观指标系列进行综合,形成了三级主、客观作用机制的模型。此模型可以较大地增加对生活质量满意度的解释力。文章具体运用这一模型,给出了北京、西安、扬州三市居民住房、工作、婚姻等领域满意度以及总体生活满意度的量化模型,并对生活质量的定义及当前我国生活质量研究的重点提出了自己的看法。},
  keywords      = {主观;满意度;解释力;质量;},
}

@Article{林南1989,
  author        = {林南 and 卢汉龙},
  title         = {社会指标与生活质量的结构模型探讨——关于上海城市居民生活的一项研究},
  journal       = {中国社会科学},
  year          = {1989},
  number        = {04},
  pages         = {75--97},
  __markedentry = {[Administrator:6]},
  abstract      = {本文根据社会指标运动和生活质量研究内在的关系,试图建立一个将这两项研究结合起来的、反映社会状况的因果结构模型。为此,作者首先统一了这两个领域的理论概念。作者认为,社会指标应是表示那些对社会整体或其成员有意义的社会环境特征。在微观层次上,它包括了对个体生活有意义的社会网关系,个体可控的各类资源条件以及个体对资源的利用方式等内容。生活质量则是人们对生活环境的满意程度和对生活的全面评价,包括认知(生活满意度)、情感(精神上的幸福感)和行为(反馈性公益行为)三个层面的评估体系。接着,文章通过对上海市民生活调查的资料将生活质量这三个层面的评估和外源性的社会环境条件作了结构分析,取得了一系列的研究结论。},
  keywords      = {资源;结构模型;结构范式;粒子模型;质量;上海;},
}

@Article{林南1987,
  author        = {林南 and 王玲 and 潘允康 and 袁国华},
  title         = {生活质量的结构与指标——1985年天津千户户卷调查资料分析},
  journal       = {社会学研究},
  year          = {1987},
  number        = {06},
  pages         = {73--89},
  __markedentry = {[Administrator:6]},
  abstract      = {<正> 生活质量的定义是“对于生活及其各个方面的评价和总结”。这一方面的研究已经为许多社会科学家所重视。生活质量不但能表达个人对生活总体的满意程度及对生活各个方面的感受,而且为研究个人生活各个方面(如:婚姻、家庭、工作等)的相对重要性提供了比较的基础和评价的依据。一旦能够确定生活各个方面的相对重要性,我们便可以进一步揭示各种社会的、经济的和心理的因素,对人们、对生活的总的评价的影响,以及人们对各个具体生},
  keywords      = {隐性变量;介入变量;结构方程模式;家庭成员;满意程度;质量;资料分析;},
}

@Comment{jabref-meta: databaseType:bibtex;}

% TODO Encoding: UTF-8
