% Encoding: UTF-8

@Article{邓胜利2020,
  author        = {邓胜利 and 蒋雨婷},
  title         = {用户交互特征对知识付费行为预测的贡献度研究},
  journal       = {图书情报工作},
  year          = {2020},
  pages         = {1--10},
  __markedentry = {[asus:6]},
  abstract      = {[目的/意义]为了丰富社交互动行为和知识付费行为的理论研究，有效识别潜在知识付费用户，从而提高在线知识社区的变现能力，在总结前人研究结论的基础上，研究不同类型以及不同程度的交互行为对于预测知识付费用户的贡献度及其变化趋势。[方法/过程]以从知乎社区（www.zhihu.com）爬取的400万用户社会交互行为数据为依托，根据交互主体和交互方向的不同对该社区的用户社会交互行为进行分类，然后，利用随机森林算法研究不同类型和不同程度的交互行为对知识付费用户预测的贡献程度，并对结果进行分析比较。[结果/结论]结果发现，用户和其他用户的交互影响大于用户和平台交互的影响，特别是，用户对其他用户的主动交互行为的影响大于用户接收到的来自其他用户的交互行为的影响。此外，在一定的阈值内，社交互动的程度越大，其对知识付费行为预测的贡献越大。不同的交互类型具有不同的阈值，但是超过这个阈值以后，关系则不再是简单的单调增加关系，可能趋于平缓甚至显著下降。},
  keywords      = {社会交互行为;;知识付费;;用户识别;;随机森林;;贡献度},
}

@Misc{张立吴素平中国新闻出版研究院2020,
  author        = {张立 吴素平 中国新闻出版研究院},
  title         = {2019我国知识付费领域市场格局与投资观察},
  __markedentry = {[asus:6]},
  date          = {2020-04-21},
  journal       = {中国新闻出版广电报},
  pages         = {004},
  publisher     = {中国新闻出版广电报},
}

@Article{蔡舜2019,
  author        = {蔡舜 and 石海荣 and 傅馨 and 陈熹},
  title         = {知识付费产品销量影响因素研究:以知乎Live为例},
  journal       = {管理工程学报},
  year          = {2019},
  volume        = {33},
  number        = {03},
  pages         = {71--83},
  __markedentry = {[asus:6]},
  abstract      = {伴随着在线知识付费平台的蓬勃发展,基于互联网的知识付费市场正在迅速成长。通过知识付费平台,用户可以轻松便捷的分享知识,藉此获得收入;用户也可以付费或者免费收听他人分享的知识。目前在线虚拟社区中的知识付费研究主要集中探究知识提供者生产意愿的影响因素。从知识消费者角度出发,探究其对新兴知识产品付费意愿及知识产品销量影响因素的研究还相对较少。本文以社区直播类知识付费平台知乎Live为研究对象,根据其实际运营数据,构建基于信号理论的模型并提出假设,探究知识产品(如Live)价格对其销量的影响。本文研究发现,价格对知识产品销量有负向影响,但是当产品评论数量足够多时,价格对销量的负向影响减弱。对于知识这种特殊的商品,在不同的情境下价格对知识消费者是成本信号与质量信号的混合。本研究对现有文献做出了补充,同时可帮助知识付费平台更精准地对产品销量进行预测;同时对知识分享者、消费者提供建议,引导其更高效的完成知识交易。},
  keywords      = {知识付费产品;;信号理论;;知乎Live},
}

@Article{陈海鹰2019,
  author        = {陈海鹰 and 朱爱敏},
  title         = {从内容角度分析知识付费平台的发展现状——以知乎Live、分答为例},
  journal       = {今传媒},
  year          = {2019},
  volume        = {27},
  number        = {01},
  pages         = {63--65},
  __markedentry = {[asus:6]},
  abstract      = {从时代背景来看,Uber以及Airbnb的火爆使全球共享之风盛行,美国著名的经济社会与互联网研究专家克莱舍基曾说过,人们的自由时间不仅应该用于内容消费,还应该将更多的时间用于内容分享和内容创造,而消费的价值远不及分享和创造的价值。而知识付费平台就是为用户提供自由讨论、知识变现、提升知识储备的一种崭新渠道。},
  keywords      = {知识付费;;知识共享;;发展现状},
}

@InProceedings{艾瑞咨询2018,
  author        = {艾瑞咨询},
  title         = {中国在线知识付费市场研究报告 2018年},
  year          = {2018},
  pages         = {56},
  __markedentry = {[asus:6]},
  abstract      = {<正>概念界定用户出于明确的求知目的付费购买的在线碎片化知识服务在线知识付费产业:广义"在线知识付费产业"指代以付费购买在线知识服务为核心衍生出的利益相关、分工不同、能够在各自的产业环节内完成自循环的上下游业态集合体。本报告将聚焦于狭义"在线知识付费产业",不含在线教育赛道。在线知识付费类平台:不局限于独立知识付费平台,还包括开拓了知识付费功能、为其设立单独版块及一级入口的综合知识付费类平台。},
  keywords      = {研究院;付费模式;产业环节;喜马拉雅;中国在线;自主研究;吴晓波;产业分工;产品类型;},
}

@Article{Goyanes2014,
  author        = {Goyanes},
  title         = {An Empirical Study of Factors that Influence the Willingness to Pay for Online News},
  journal       = {Journalism Practice},
  year          = {2014},
  volume        = {8},
  number        = {6},
  __markedentry = {[asus:6]},
  abstract      = {Drawing on the theory of the economics of information, this study sheds light on the factors that influence willingness to pay for online news, using a telephone survey of 570 US (from the Pew Research Center) adults selected at random. Results of the logistic regression analysis revealed relationships between paying intent and predictor variables such as demographics (age and income), purchase of other digital products (online movies or TV content, software programs, eBooks and applications) and media use (Twitter). However, independent variables such as gender (demographics), video games and music files (purchase of other digital products) were not statistically significant. Future research on the economics of news may take into account these findings focused on studying paying intent.},
  keywords      = {business model;;online news;;online newspaper;;paid for contents;;revenue model;;willingness to pay},
}

@Comment{jabref-meta: databaseType:bibtex;}

% TODO Encoding: UTF-8
