@article{洪昊2011国际收支风险监测预警研究综述及对我国的启示,
  title={国际收支风险监测预警研究综述及对我国的启示},
  author={洪昊},
  journal={金融发展研究},
  number={08},
  pages={24-28},
  year={2011},
}

@article{师家升2019中国金融风险预警指数的构建,
  title={中国金融风险预警指数的构建},
  author={师家升 and 起建凌},
  journal={技术经济与管理研究},
  volume={273},
  number={04},
  pages={91-96},
  year={2019},
}

@article{刘雪英2005基于因子分析的我国金融风险防范对策研究,
  title={基于因子分析的我国金融风险防范对策研究},
  author={刘雪英 and 张方杰},
  journal={全国流通经济},
  volume={000},
  number={12},
  pages={31-34},
  year={2005},
}

@article{李明强2019区域金融风险预警体系构建研究,
  title={区域金融风险预警体系构建研究},
  author={李明强 and 杨吉峰 and 曹剑锋 and 王静 and 刘相兵},
  journal={西部金融},
  number={4},
  pages={84-87},
  year={2019},
}

@article{桂预风2017基于动态因子模型的金融风险指数构建,
  title={基于动态因子模型的金融风险指数构建},
  author={桂预风 and 李巍},
  journal={统计与决策},
  number={20},
  pages={151-154},
  year={2017},
}

@article{郭娜2018我国系统性金融风险指数的度量与监测,
  title={我国系统性金融风险指数的度量与监测},
  author={郭娜 and 祁帆 and 张宁},
  journal={财经科学},
  volume={000},
  number={2},
  pages={1-14},
  year={2018},
}

@article{王东东2018基于因子分析的我国金融风险影响因素探究,
  title={基于因子分析的我国金融风险影响因素探究},
  author={王东东 and 朱剑峰},
  journal={阜阳师范学院学报:自然科学版},
  volume={v.35；No.116},
  number={02},
  pages={47-50},
  year={2018},
}

@article{刘丽2019山东省系统性金融风险的测度及防范研究,
  title={山东省系统性金融风险的测度及防范研究},
  author={刘丽 and 郭春梅 and 杨继梅},
  journal={青岛科技大学学报(社会科学版)},
  number={3},
  year={2019},
}

@article{谢坤2019我国省域系统性金融风险的测度分析,
  title={我国省域系统性金融风险的测度分析},
  author={谢坤 and 夏琦 and 谭中明},
  journal={农村金融研究},
  number={5},
  year={2019},
}

@article{吴婷婷2019金融开放背景下中国系统性金融风险测度研究,
  title={金融开放背景下中国系统性金融风险测度研究},
  author={吴婷婷 and 徐松松},
  journal={金融理论与教学},
  volume={000},
  number={002},
  pages={1-8},
  year={2019},
}